@book{capinski2012black,
    title = {The Black--Scholes Model},
    author = {Capi{\'n}ski, Marek and Kopp, Ekkehard},
    year = {2012},
    publisher = {Cambridge University Press},
}
